<?xml version="1.0" encoding="UTF-8"?>
<record xmlns="http://www.loc.gov/MARC21/slim" xmlns:zs="http://docs.oasis-open.org/ns/search-ws/sruResponse">
 <leader>
  05206cpcaa22007697i 4500
 </leader>
 <controlfield tag="001">
  18834421
 </controlfield>
 <controlfield tag="005">
  20230712123702.0
 </controlfield>
 <controlfield tag="007">
  ss ||njl|||n|e
 </controlfield>
 <controlfield tag="007">
  vf cca|||
 </controlfield>
 <controlfield tag="007">
  vf cba|||
 </controlfield>
 <controlfield tag="007">
  kh |||
 </controlfield>
 <controlfield tag="007">
  kv c||
 </controlfield>
 <controlfield tag="008">
  151027i19811986xx                  eng
 </controlfield>
 <datafield ind1=" " ind2=" " tag="906">
  <subfield code="a">
   7
  </subfield>
  <subfield code="b">
   cbc
  </subfield>
  <subfield code="c">
   orignew
  </subfield>
  <subfield code="d">
   u
  </subfield>
  <subfield code="e">
   ncip
  </subfield>
  <subfield code="f">
   20
  </subfield>
  <subfield code="g">
   y-folklife
  </subfield>
 </datafield>
 <datafield ind1=" " ind2=" " tag="955">
  <subfield code="a">
   mkru 2015-10-27
  </subfield>
  <subfield code="a">
   mseg 2015-12-29
  </subfield>
  <subfield code="a">
   mseg 2015-12-30
  </subfield>
  <subfield code="a">
   mseg 2019-03-05
  </subfield>
  <subfield code="a">
   sludewig 2023-04-05
  </subfield>
  <subfield code="a">
   sludewig 2023-04-17
  </subfield>
  <subfield code="a">
   masmit 2023-07-10
  </subfield>
  <subfield code="a">
   fcundiff 2023-07-12
  </subfield>
 </datafield>
 <datafield ind1=" " ind2=" " tag="010">
  <subfield code="a">
   2015655510
  </subfield>
 </datafield>
 <datafield ind1=" " ind2=" " tag="040">
  <subfield code="a">
   DLC
  </subfield>
  <subfield code="b">
   eng
  </subfield>
  <subfield code="e">
   dacs
  </subfield>
  <subfield code="c">
   DLC
  </subfield>
 </datafield>
 <datafield ind1="1" ind2=" " tag="041">
  <subfield code="a">
   eng
  </subfield>
  <subfield code="d">
   hmn
  </subfield>
  <subfield code="h">
   hmn
  </subfield>
  <subfield code="b">
   eng
  </subfield>
  <subfield code="b">
   hmn
  </subfield>
 </datafield>
 <datafield ind1=" " ind2=" " tag="043">
  <subfield code="a">
   n-us-pa
  </subfield>
 </datafield>
 <datafield ind1=" " ind2=" " tag="090">
  <subfield code="a">
   RYS 3704-3762 (sound cassettes); VAR 7410-7411 (VHS); VAR 7412-7413 (Betamax); VBX 7978-8018 (U-matic); VTC 3237-3238 (1" videotape)
  </subfield>
 </datafield>
 <datafield ind1=" " ind2=" " tag="090">
  <subfield code="a">
   AFC 2007/026
  </subfield>
 </datafield>
 <datafield ind1="0" ind2="0" tag="245">
  <subfield code="a">
   Hmong Community Folklife and Documentation Project collection,
  </subfield>
  <subfield code="f">
   1981-1986.
  </subfield>
 </datafield>
 <datafield ind1=" " ind2=" " tag="300">
  <subfield code="3">
   whole collection
  </subfield>
  <subfield code="a">
   approximately 2,474
  </subfield>
  <subfield code="f">
   items
  </subfield>
 </datafield>
 <datafield ind1=" " ind2=" " tag="300">
  <subfield code="3">
   whole collection
  </subfield>
  <subfield code="a">
   11
  </subfield>
  <subfield code="f">
   containers
  </subfield>
 </datafield>
 <datafield ind1=" " ind2=" " tag="300">
  <subfield code="3">
   sound recordings
  </subfield>
  <subfield code="a">
   59 sound cassettes :
  </subfield>
  <subfield code="b">
   analog
  </subfield>
 </datafield>
 <datafield ind1=" " ind2=" " tag="300">
  <subfield code="3">
   moving images
  </subfield>
  <subfield code="a">
   44 videocassettes (U-Matic) :
  </subfield>
  <subfield code="b">
   sound, color ;
  </subfield>
  <subfield code="c">
   3/4 in.
  </subfield>
 </datafield>
 <datafield ind1=" " ind2=" " tag="300">
  <subfield code="3">
   moving images
  </subfield>
  <subfield code="a">
   2 videocassettes (VHS) :
  </subfield>
  <subfield code="b">
   analog ;
  </subfield>
  <subfield code="c">
   1/2 in.
  </subfield>
 </datafield>
 <datafield ind1=" " ind2=" " tag="300">
  <subfield code="3">
   moving images
  </subfield>
  <subfield code="a">
   2 videocassettes (Betamax) :
  </subfield>
  <subfield code="b">
   analog
  </subfield>
 </datafield>
 <datafield ind1=" " ind2=" " tag="300">
  <subfield code="3">
   moving images
  </subfield>
  <subfield code="a">
   2 film reels :
  </subfield>
  <subfield code="b">
   analog ;
  </subfield>
  <subfield code="c">
   1 in.
  </subfield>
 </datafield>
 <datafield ind1=" " ind2=" " tag="300">
  <subfield code="3">
   graphic materials
  </subfield>
  <subfield code="a">
   698 photographs :
  </subfield>
  <subfield code="b">
   color transparencies ;
  </subfield>
  <subfield code="c">
   35 mm
  </subfield>
 </datafield>
 <datafield ind1=" " ind2=" " tag="300">
  <subfield code="3">
   graphic materials
  </subfield>
  <subfield code="a">
   5 photographs :
  </subfield>
  <subfield code="b">
   color transparencies, half frame ;
  </subfield>
  <subfield code="c">
   35 mm
  </subfield>
 </datafield>
 <datafield ind1=" " ind2=" " tag="300">
  <subfield code="3">
   graphic materials
  </subfield>
  <subfield code="a">
   789 photographs :
  </subfield>
  <subfield code="b">
   film negatives, black and white ;
  </subfield>
  <subfield code="c">
   35 mm
  </subfield>
 </datafield>
 <datafield ind1=" " ind2=" " tag="300">
  <subfield code="3">
   graphic materials
  </subfield>
  <subfield code="a">
   102 photographs :
  </subfield>
  <subfield code="b">
   film negatives, black and white ;
  </subfield>
  <subfield code="c">
   35 mm
  </subfield>
 </datafield>
 <datafield ind1=" " ind2=" " tag="300">
  <subfield code="3">
   graphic materials
  </subfield>
  <subfield code="a">
   296 photographs :
  </subfield>
  <subfield code="b">
   film negatives, color ;
  </subfield>
  <subfield code="c">
   120 format
  </subfield>
 </datafield>
 <datafield ind1=" " ind2=" " tag="300">
  <subfield code="3">
   graphic materials
  </subfield>
  <subfield code="a">
   69 photographs :
  </subfield>
  <subfield code="b">
   prints, black and white ;
  </subfield>
  <subfield code="c">
   various sizes
  </subfield>
 </datafield>
 <datafield ind1=" " ind2=" " tag="300">
  <subfield code="3">
   graphic materials
  </subfield>
  <subfield code="a">
   9 photographs :
  </subfield>
  <subfield code="b">
   prints, color ;
  </subfield>
  <subfield code="c">
   various sizes
  </subfield>
 </datafield>
 <datafield ind1=" " ind2=" " tag="300">
  <subfield code="3">
   graphic materials
  </subfield>
  <subfield code="a">
   73 photographs :
  </subfield>
  <subfield code="b">
   contact sheets, black and white ;
  </subfield>
  <subfield code="c">
   various sizes
  </subfield>
 </datafield>
 <datafield ind1=" " ind2=" " tag="300">
  <subfield code="3">
   manuscripts
  </subfield>
  <subfield code="a">
   0.5
  </subfield>
  <subfield code="f">
   linear feet
  </subfield>
 </datafield>
 <datafield ind1=" " ind2=" " tag="520">
  <subfield code="a">
   Collection of audio and video field recordings and photographs documenting the Hmong community in the Philadelphia, Pennsylvania area between 1981-1986.  986. Documentation covers daily life; community celebrations including Hmong New Year celebrations, baby naming ceremonies, and weddings; and traditional arts like paj ntaub needlework, Hmong instruments, music, and dance. Interviews with community members were conducted in Hmong and some have English summaries. Also included in the collection are brochures, an index to the interviews, completed recording log forms, photo logs, and copies of a documentary titled "Years Away from Laos: The Hmong in Philadelphia."
  </subfield>
 </datafield>
 <datafield ind1="8" ind2=" " tag="524">
  <subfield code="a">
   Hmong Community Folklife and Documentation Project collection (AFC 2007/026), American Folklife Center, Library of Congress, Washington, D.C.
  </subfield>
 </datafield>
 <datafield ind1="0" ind2=" " tag="506">
  <subfield code="a">
   Collection is open for research. To request materials, please contact the Folklife Reading Room at
  </subfield>
  <subfield code="u">
   https://hdl.loc.gov/loc.afc/folklife.contact
  </subfield>
 </datafield>
 <datafield ind1=" " ind2=" " tag="540">
  <subfield code="a">
   Duplication of collection materials may be governed by copyright and other restrictions.
  </subfield>
 </datafield>
 <datafield ind1=" " ind2=" " tag="541">
  <subfield code="a">
   Catherine Jacobs;
  </subfield>
  <subfield code="c">
   Donation;
  </subfield>
  <subfield code="d">
   2007.
  </subfield>
 </datafield>
 <datafield ind1=" " ind2=" " tag="545">
  <subfield code="a">
   The Hmong Community Folklife and Documentation Project (HCFDP) was a joint effort of the Folklife Center of International House and the Hmong community in Philadelphia, Pennsylvania, from 1981-1986. The staff included community coordinator Chao Song, project director Carole Boughter; media coordinator Barry Dornfeld, and Ellen McHale, Mal O'Connor, Sally Peterson, Margaret A. Mills, Yer Hang, Bee Lo, Moua Lo, Phua Xiong, Hang Sai, Chakarin Sirirathasuk, and Mai Vang Xiong. The project was funded by the National Endowment for the Arts, Folk Arts Program; the Pennsylvania Council for the Arts, CIGNA Foundation, and the Sun Company.
  </subfield>
 </datafield>
 <datafield ind1=" " ind2=" " tag="546">
  <subfield code="a">
   In English and Hmong.
  </subfield>
 </datafield>
 <datafield ind1="0" ind2=" " tag="555">
  <subfield code="a">
   Finding aid is available online
  </subfield>
  <subfield code="u">
   https://hdl.loc.gov/loc.afc/eadafc.af023005
  </subfield>
 </datafield>
 <datafield ind1=" " ind2="0" tag="650">
  <subfield code="a">
   Hmong Americans
  </subfield>
  <subfield code="z">
   Pennsylvania
  </subfield>
  <subfield code="z">
   Philadelphia
  </subfield>
  <subfield code="v">
   Interviews.
  </subfield>
 </datafield>
 <datafield ind1=" " ind2="0" tag="650">
  <subfield code="a">
   Hmong Americans
  </subfield>
  <subfield code="z">
   Pennsylvania
  </subfield>
  <subfield code="z">
   Philadelphia
  </subfield>
  <subfield code="x">
   Social life and customs.
  </subfield>
 </datafield>
 <datafield ind1=" " ind2="0" tag="650">
  <subfield code="a">
   Hmong Americans
  </subfield>
  <subfield code="v">
   Music.
  </subfield>
 </datafield>
 <datafield ind1=" " ind2="0" tag="650">
  <subfield code="a">
   Hmong (Asian people)
  </subfield>
  <subfield code="v">
   Music.
  </subfield>
 </datafield>
 <datafield ind1=" " ind2="0" tag="650">
  <subfield code="a">
   Needlework, Hmong
  </subfield>
  <subfield code="z">
   Pennsylvania
  </subfield>
  <subfield code="z">
   Philadelphia.
  </subfield>
 </datafield>
 <datafield ind1=" " ind2="0" tag="650">
  <subfield code="a">
   Hmong New Year
  </subfield>
  <subfield code="z">
   Pennsylvania
  </subfield>
  <subfield code="z">
   Philadelphia.
  </subfield>
 </datafield>
 <datafield ind1=" " ind2="0" tag="651">
  <subfield code="a">
   Philadelphia (Pa.)
  </subfield>
  <subfield code="x">
   Social life and customs.
  </subfield>
 </datafield>
 <datafield ind1=" " ind2="7" tag="655">
  <subfield code="a">
   Interviews.
  </subfield>
  <subfield code="2">
   lcgft
  </subfield>
 </datafield>
 <datafield ind1=" " ind2="7" tag="655">
  <subfield code="a">
   Oral histories.
  </subfield>
  <subfield code="2">
   lcgft
  </subfield>
 </datafield>
 <datafield ind1=" " ind2="7" tag="655">
  <subfield code="a">
   Sound recordings.
  </subfield>
  <subfield code="2">
   aat
  </subfield>
 </datafield>
 <datafield ind1=" " ind2="7" tag="655">
  <subfield code="a">
   Videocassettes.
  </subfield>
  <subfield code="2">
   aat
  </subfield>
 </datafield>
 <datafield ind1=" " ind2="7" tag="655">
  <subfield code="a">
   Photographs.
  </subfield>
  <subfield code="2">
   aat
  </subfield>
 </datafield>
 <datafield ind1=" " ind2="7" tag="655">
  <subfield code="a">
   Manuscripts.
  </subfield>
  <subfield code="2">
   aat
  </subfield>
 </datafield>
 <datafield ind1=" " ind2="7" tag="655">
  <subfield code="a">
   Ethnographic films.
  </subfield>
  <subfield code="2">
   lcgft
  </subfield>
 </datafield>
 <datafield ind1="1" ind2=" " tag="700">
  <subfield code="a">
   Dornfeld, Barry,
  </subfield>
  <subfield code="d">
   1958-
  </subfield>
 </datafield>
 <datafield ind1="2" ind2=" " tag="710">
  <subfield code="a">
   International House of Philadelphia.
  </subfield>
  <subfield code="b">
   Folklife Center.
  </subfield>
 </datafield>
 <datafield ind1="0" ind2="2" tag="740">
  <subfield code="a">
   Years away from Laos: the Hmong in Philadelphia
  </subfield>
 </datafield>
 <datafield ind1=" " ind2=" " tag="852">
  <subfield code="a">
   Library of Congress
  </subfield>
  <subfield code="b">
   American Folklife Center,
  </subfield>
  <subfield code="e">
   101 Independence Ave. S.E., Washington, DC USA 20540-4610
  </subfield>
  <subfield code="u">
   https://hdl.loc.gov/loc.afc/folklife.home
  </subfield>
 </datafield>
 <datafield ind1="4" ind2="2" tag="856">
  <subfield code="3">
   Finding aid
  </subfield>
  <subfield code="u">
   https://hdl.loc.gov/loc.afc/eadafc.af023005
  </subfield>
 </datafield>
 <datafield ind1=" " ind2=" " tag="985">
  <subfield code="a">
   afc/coll
  </subfield>
 </datafield>
 <datafield ind1=" " ind2=" " tag="985">
  <subfield code="a">
   afc/ead
  </subfield>
 </datafield>
</record>
